<?xml version="1.0" encoding="UTF-8"?><collection xmlns="http://www.loc.gov/MARC21/slim"><record><leader>00371nam--2200121-i-4500</leader><controlfield tag="001">000019479</controlfield><controlfield tag="002">20161230</controlfield><controlfield tag="005">20161230201033</controlfield><controlfield tag="008">060222s1000------------r-----000-0-eng-d</controlfield><datafield ind1=" " ind2=" " tag="080"><subfield code="a">002(061:45)</subfield></datafield><datafield ind1=" " ind2=" " tag="245"><subfield code="a">Documentazione  72 annuario degli enti di studio, di ricerca, di cultura e d informazione in italia</subfield></datafield><datafield ind1=" " ind2=" " tag="260"><subfield code="a">Roma, Editoriale Italiana, 1972. 1389 P</subfield></datafield><datafield ind1=" " ind2=" " tag="852"><subfield code="a">40758</subfield></datafield></record></collection>